@article{Tamburri2020,
  title = {{"The Canary in the Coal Mineâ€¦"} A cautionary tale from the decline of SourceForge},
  volume = {50},
  issn = {1097-024X},
  url = {http://dx.doi.org/10.1002/spe.2874},
  doi = {10.1002/spe.2874},
  number = {10},
  journal = {Software: Practice and Experience},
  publisher = {Wiley},
  author = {Tamburri, Damian Andrew and Blincoe, Kelly and Palomba, Fabio and Kazman, Rick},
  year = {2020},
  month = {7},
  pages = {1930-1951},
}