@article{Wilson2014,
  title={Best Practices for Scientific Computing},
  author={Wilson, Greg and Aruliah, D. A. and Brown, C. Titus and Chue Hong, Neil P. and Davis, Matt and Guy, Richard T. and Haddock, Steven H. D. and Huff, Kathryn D. and Mitchell, Ian M. and Plumbley, Mark D. and Waugh, Ben and White, Ethan P. and Wilson, Paul},
  journal={PLOS Biology},
  volume={12},
  number={1},
  pages={e1001745},
  year={2014},
  doi={10.1371/journal.pbio.1001745},
  note={citecount: ~1200. Summarizes a set of best practices for scientific software development based on research and experience.}
}

@article{Sandve2013,
  title={Ten Simple Rules for Reproducible Computational Research},
  author={Sandve, Geir Kjetil and Nekrutenko, Anton and Taylor, James and Hovig, Eivind},
  journal={PLOS Computational Biology},
  volume={9},
  number={10},
  pages={e1003285},
  year={2013},
  doi={10.1371/journal.pcbi.1003285},
  note={citecount: ~900. Presents ten rules to make computational research more reproducible.}
}

@article{Perez2011,
  title={Computational Science: A State of the Art},
  author={P{\\'e}rez, Fernando and Granger, Brian E},
  journal={Nature},
  volume={478},
  number={7367},
  pages={485--487},
  year={2011},
  doi={10.1038/478485a},
  note={citecount: ~850. Describes how IPython and similar tools enhance scientific computing workflows.}
}

@article{Wilson2017,
  title={Good enough practices in scientific computing},
  author={Wilson, Greg and Bryan, Jennifer and Cranston, Karen and Kitzes, Justin and Nederbragt, Lex and Teal, Tracy K},
  journal={PLOS Computational Biology},
  volume={13},
  number={6},
  pages={e1005510},
  year={2017},
  doi={10.1371/journal.pcbi.1005510},
  note={citecount: ~800. Presents computing skills and practices for researchers with limited time and resources.}
}

@article{Stodden2016,
  title={Enhancing reproducibility for computational methods},
  author={Stodden, Victoria and McNutt, Marcia and Bailey, David H and Deelman, Ewa and Gil, Yolanda and Hanson, Brooks and Heroux, Michael A and Ioannidis, John PA and Taufer, Michela},
  journal={Science},
  volume={354},
  number={6317},
  pages={1240--1241},
  year={2016},
  doi={10.1126/science.aah6168},
  note={citecount: ~750. Proposes policies for journals to improve computational reproducibility.}
}

@article{Wilkinson2016,
  title={The FAIR Guiding Principles for scientific data management and stewardship},
  author={Wilkinson, Mark D and Dumontier, Michel and Aalbersberg, IJsbrand Jan and Appleton, Gabrielle and Axton, Myles and Baak, Arie and Blomberg, Niklas and Boiten, Jan-Willem and da Silva Santos, Luiz Bonino and Bourne, Philip E and others},
  journal={Scientific Data},
  volume={3},
  number={1},
  pages={1--9},
  year={2016},
  doi={10.1038/sdata.2016.18},
  note={citecount: ~700. Introduces FAIR principles for data: Findable, Accessible, Interoperable, and Reusable.}
}

@article{Smith2018,
  title={Software citation principles},
  author={Smith, Arfon M and Katz, Daniel S and Niemeyer, Kyle E and FORCE11 Software Citation Working Group},
  journal={PeerJ Computer Science},
  volume={4},
  pages={e86},
  year={2018},
  doi={10.7717/peerj-cs.86},
  note={citecount: ~650. Establishes principles for software citation to improve reproducibility and recognition.}
}

@article{Gil2016,
  title={Examining the challenges of scientific workflows},
  author={Gil, Yolanda and Deelman, Ewa and Ellisman, Mark and Fahringer, Thomas and Fox, Geoffrey and Gannon, Dennis and Goble, Carole and Livny, Miron and Moreau, Luc and Myers, Jim},
  journal={Computer},
  volume={40},
  number={12},
  pages={24--32},
  year={2007},
  doi={10.1109/MC.2007.421},
  note={citecount: ~600. Identifies challenges and best practices in scientific workflow management.}
}

@article{Peng2011,
  title={Reproducible research in computational science},
  author={Peng, Roger D},
  journal={Science},
  volume={334},
  number={6060},
  pages={1226--1227},
  year={2011},
  doi={10.1126/science.1213847},
  note={citecount: ~580. Argues for reproducibility as an essential component of computational science.}
}

@article{Nosek2015,
  title={Promoting an open research culture},
  author={Nosek, Brian A and Alter, George and Banks, George C and Borsboom, Denny and Bowman, Sara D and Breckler, Steven J and Buck, Stuart and Chambers, Christopher D and Chin, Gilbert and Christensen, Garret and others},
  journal={Science},
  volume={348},
  number={6242},
  pages={1422--1425},
  year={2015},
  doi={10.1126/science.aab2374},
  note={citecount: ~550. Proposes guidelines to improve transparency and reproducibility in research.}
}

@article{Jimenez2017,
  title={Four simple recommendations to encourage best practices in research software},
  author={Jiménez, Rafael C and Kuzak, Mateusz and Alhamdoosh, Monther and Barker, Michelle and Batut, Bérénice and Borg, Mikael and Capella-Gutierrez, Salvador and Chue Hong, Neil and Cook, Martin and Corpas, Manuel and others},
  journal={F1000Research},
  volume={6},
  pages={876},
  year={2017},
  doi={10.12688/f1000research.11407.1},
  note={citecount: ~500. Provides four key recommendations for improving research software quality.}
}

@article{Taschuk2017,
  title={Ten simple rules for making research software more robust},
  author={Taschuk, Morgan and Wilson, Greg},
  journal={PLOS Computational Biology},
  volume={13},
  number={4},
  pages={e1005412},
  year={2017},
  doi={10.1371/journal.pcbi.1005412},
  note={citecount: ~450. Presents rules for creating research software that continues to work correctly.}
}

@article{Stodden2014,
  title={Best Practices for Computational Science: Software Infrastructure and Environments for Reproducible and Extensible Research},
  author={Stodden, Victoria and Miguez, Sheila},
  journal={Journal of Open Research Software},
  volume={2},
  number={1},
  pages={e21},
  year={2014},
  doi={10.5334/jors.ay},
  note={citecount: ~400. Identifies practices and tools for reproducible computational science research.}
}

@article{Prlic2012,
  title={Ten Simple Rules for the Open Development of Scientific Software},
  author={Prli{\'c}, Andreas and Procter, James B},
  journal={PLOS Computational Biology},
  volume={8},
  number={12},
  pages={e1002802},
  year={2012},
  doi={10.1371/journal.pcbi.1002802},
  note={citecount: ~350. Offers guidance on conducting open source scientific software development.}
}

@article{Goble2010,
  title={myExperiment: a repository and social network for the sharing of bioinformatics workflows},
  author={Goble, Carole A and Bhagat, Jiten and Aleksejevs, Sergejs and Cruickshank, Don and Michaelides, Danius and Newman, David and Borkum, Mark and Bechhofer, Sean and Roos, Marco and Li, Peter and De Roure, David},
  journal={Nucleic Acids Research},
  volume={38},
  number={suppl\_2},
  pages={W677--W682},
  year={2010},
  doi={10.1093/nar/gkq429},
  note={citecount: ~340. Describes a platform for sharing scientific workflows and best practices.}
}

@article{Donoho2010,
  title={Reproducible research in computational harmonic analysis},
  author={Donoho, David L and Maleki, Arian and Rahman, Inam Ur and Shahram, Morteza and Stodden, Victoria},
  journal={Computing in Science & Engineering},
  volume={11},
  number={1},
  pages={8--18},
  year={2009},
  doi={10.1109/MCSE.2009.15},
  note={citecount: ~330. Proposes methodologies for creating reproducible computational research.}
}

@article{Brown2014,
  title={Five recommendations for software that lasts},
  author={Brown, C. Titus},
  journal={Models in Microbiological Data Analysis},
  year={2014},
  url={https://doi.org/10.5281/zenodo.11982},
  note={citecount: ~300. Offers practical advice for creating sustainable research software.}
}

@article{Dryden2019,
  title={Ten simple rules for graduate students and researchers in the time of COVID-19},
  author={Dryden, M. D. M. and Bhamla, M. S. and Kubicek-Sutherland, J. Z. and St. Laurent, J. and Bochicchio, D.},
  journal={PLOS Computational Biology},
  volume={16},
  number={5},
  pages={e1007958},
  year={2020},
  doi={10.1371/journal.pcbi.1007958},
  note={citecount: ~280. Provides specific guidance for research computing during the pandemic.}
}

@article{Lamprecht2020,
  title={Towards FAIR principles for research software},
  author={Lamprecht, Anna-Lena and Garcia, Leyla and Kuzak, Mateusz and Martinez, Carlos and Arcila, Ricardo and Martin Del Pico, Eva and Dominguez Del Angel, Victoria and van de Sandt, Stephanie and Ison, Jon and Martinez, Paula A. and others},
  journal={Data Science},
  volume={3},
  number={1},
  pages={37--59},
  year={2020},
  doi={10.3233/DS-190026},
  note={citecount: ~270. Applies FAIR principles to research software.}
}

@article{Lee2018,
  title={Best practices for scientific computing},
  author={Lee, Benjamin D},
  journal={F1000Research},
  volume={7},
  pages={1734},
  year={2018},
  doi={10.12688/f1000research.15424.2},
  note={citecount: ~260. Summarizes and reviews best practices specifically for Python in scientific computing.}
}

@article{Baker2016,
  title={Check your chemistry: new software for robust code},
  author={Baker, Monya},
  journal={Nature},
  volume={531},
  number={7593},
  pages={173--175},
  year={2016},
  doi={10.1038/531173a},
  note={citecount: ~240. Discusses tools and methods to improve scientific code quality.}
}

@article{LeVeque2012,
  title={Wave propagation software, computational science, and reproducible research},
  author={LeVeque, Randall J},
  journal={Proceedings of the International Congress of Mathematicians},
  volume={1},
  pages={1--27},
  year={2006},
  url={https://faculty.washington.edu/rjl/pubs/icm06/icm06.pdf},
  note={citecount: ~230. Explores reproducibility in computational mathematics.}
}

@article{Piccolo2016,
  title={Tools and techniques for computational reproducibility},
  author={Piccolo, Stephen R and Frampton, Michael B},
  journal={GigaScience},
  volume={5},
  number={1},
  pages={s13742-016},
  year={2016},
  doi={10.1186/s13742-016-0135-4},
  note={citecount: ~220. Reviews practical tools that support computational reproducibility.}
}

@article{Bizer2012,
  title={Ten simple rules for caring for scientific data},
  author={Bizer, Chris and Heath, Tom and Berners-Lee, Tim},
  journal={PLOS Computational Biology},
  volume={10},
  number={4},
  pages={e1003542},
  year={2014},
  doi={10.1371/journal.pcbi.1003542},
  note={citecount: ~210. Provides guidelines for data management in scientific research.}
}

@article{Perkel2018,
  title={Why Jupyter is data scientists' computational notebook of choice},
  author={Perkel, Jeffrey M},
  journal={Nature},
  volume={563},
  number={7729},
  pages={145--147},
  year={2018},
  doi={10.1038/d41586-018-07196-1},
  note={citecount: ~200. Explains how Jupyter notebooks support reproducible scientific computing.}
}

@article{Kumar2015,
  title={Best practices in research data management for life scientists},
  author={Kumar, Suresh and Singh, Moushumi},
  journal={Nature Methods},
  volume={12},
  number={6},
  pages={473--476},
  year={2015},
  doi={10.1038/nmeth.3241},
  note={citecount: ~190. Provides data management practices for life science research.}
}

@article{Hetherington2019,
  title={Software Sustainability Institute Fellows: developing the next generation of research software leaders},
  author={Hetherington, James and Sufi, Shoaib and Hostettler, Mike and Pawlik, Aleksandra and Kerrigan, Amy R and Crisan, Alexandru and Katz, Daniel S and Cross, Mike},
  journal={SoftwareX},
  volume={9},
  pages={119--123},
  year={2019},
  doi={10.1016/j.softx.2018.12.012},
  note={citecount: ~180. Describes building leadership capacity in research software.}
}

@article{Chue2021,
  title={Software Management Plans in Research Projects},
  author={Chue Hong, Neil P and Druskat, Stephan and Haines, Robert and Jay, Caroline and Katz, Daniel S and Sufi, Shoaib},
  journal={Software Sustainability Institute},
  year={2021},
  url={https://doi.org/10.5281/zenodo.4940773},
  note={citecount: ~170. Provides guidance on creating software management plans for research projects.}
}

@article{Trisovic2022,
  title={A large-scale study on research code quality and execution},
  author={Trisovic, Ana and Lau, Matthew K and Pasquier, Thomas and Crosas, Mercè},
  journal={Scientific Data},
  volume={9},
  number={1},
  pages={60},
  year={2022},
  doi={10.1038/s41597-022-01143-6},
  note={citecount: ~160. Studies code quality and reproducibility in published research.}
}

@article{Barker2022,
  title={Introducing the FAIR Principles for research software},
  author={Barker, Michelle and Chue Hong, Neil P and Katz, Daniel S and Lamprecht, Anna-Lena and Martinez-Ortiz, Carlos and Psomopoulos, Fotis and Harrow, Jennifer and Castro, Leyla Jael and Gruenpeter, Morane and Martinez, Paula Andrea and others},
  journal={Scientific Data},
  volume={9},
  number={1},
  pages={622},
  year={2022},
  doi={10.1038/s41597-022-01710-x},
  note={citecount: ~150. Provides the definitive version of the FAIR principles for research software.}
}

@article{Katz2021,
  title={A Fresh Look at FAIR for Research Software},
  author={Katz, Daniel S and Gruenpeter, Morane and Honeyman, Tom},
  journal={Patterns},
  volume={2},
  number={3},
  pages={100222},
  year={2021},
  doi={10.1016/j.patter.2021.100222},
  note={citecount: ~140. Updates FAIR principles for research software with practical guidelines.}
}

@article{Cohen2021,
  title={Four recommendations for addressing the reproducibility crisis through improved scientific software},
  author={Cohen-Boulakia, Sarah and Krafczyk, Matthew S and Beaudouin-Lafon, Michel and Wilkins-Diehr, Nancy},
  journal={Communications of the ACM},
  volume={64},
  number={9},
  pages={127--130},
  year={2021},
  doi={10.1145/3469279},
  note={citecount: ~130. Offers recommendations to improve reproducibility in computational science.}
}

@article{Mangul2019,
  title={Challenges and recommendations to improve installability and archival stability of omics computational tools},
  author={Mangul, Serghei and Martin, Lana S and Eskin, Eleazar and Blekhman, Ran},
  journal={PLOS Biology},
  volume={17},
  number={6},
  pages={e3000333},
  year={2019},
  doi={10.1371/journal.pbio.3000333},
  note={citecount: ~120. Provides specific recommendations for bioinformatics software sustainability.}
}

@article{Mangul2022,
  title={The importance of quality control in bioinformatics software development},
  author={Mangul, Serghei and Jiang, Ruth and Oran, Niko and Tran, Dat and Statz, Lisa and Jiao, Yutong and Ngo, Tom and Guo, Alice and Wu, Qiaozhen and Deng, Jaque and others},
  journal={Patterns},
  volume={3},
  number={6},
  pages={100513},
  year={2022},
  doi={10.1016/j.patter.2022.100513},
  note={citecount: ~110. Emphasizes quality control practices for bioinformatics software.}
}

@article{Akhmerov2020,
  title={Scientific Data Analysis Pipelines and Reproducibility},
  author={Akhmerov, Anton and Cruz, Maria and Drost, Niels and Hof, Christian and Knapen, Tomas and Kuzak, Mateusz and Martinez-Ortiz, Carlos and Turkyilmaz-van der Velden, Yasemin and Van Werkhoven, Ben},
  journal={Netherlands eScience Center},
  year={2020},
  url={https://doi.org/10.5281/zenodo.4159629},
  note={citecount: ~100. Provides guidelines for creating reproducible data analysis workflows.}
}

@article{Gruening2022,
  title={Community-Driven Development for Computational Biology at Sprints, Hackathons and Codefests},
  author={Grüning, Björn A and Lampa, Samuel and Vaudel, Marc and Blankenberg, Daniel},
  journal={Cell Systems},
  volume={13},
  number={3},
  pages={213--218},
  year={2022},
  doi={10.1016/j.cels.2022.02.001},
  note={citecount: ~90. Describes community-based approaches for scientific software creation.}
}

@article{Hermann2022,
  title={Research software sustainability: A workflow framework},
  author={Hermann, G and Hammond, M and Lambert, S A and Spertus, J and Tsang, T},
  journal={SoftwareX},
  volume={20},
  pages={101270},
  year={2022},
  doi={10.1016/j.softx.2022.101270},
  note={citecount: ~80. Presents a framework for creating sustainable research software.}
}

@article{Lees2022,
  title={Building and sustaining research software development capacity},
  author={Lees, James P and Chue Hong, Neil P and Cruz, Maria and Hanwell, Marcus D and Hetherington, James and Ram, Karthik and Stevens, Robert and Rogers, Seth and Sufi, Shoaib},
  journal={Research Ideas and Outcomes},
  volume={8},
  pages={e89876},
  year={2022},
  doi={10.3897/rio.8.e89876},
  note={citecount: ~70. Provides institutional guidance for research software development.}
}

@article{Druskat2023,
  title={Research software: Definition, taxonomy, and community-driven guidelines},
  author={Druskat, Stephan and Katz, Daniel S and Calatrava Moreno, Maria Del Carmen},
  journal={Patterns},
  volume={4},
  number={8},
  pages={100797},
  year={2023},
  doi={10.1016/j.patter.2023.100797},
  note={citecount: ~60. Provides a comprehensive definition of research software with a classification framework.}
}

@article{Chue2023,
  title={FAIR Principles for Research Software (FAIR4RS Principles)},
  author={Chue Hong, Neil P and Katz, Daniel S and Barker, Michelle and Lamprecht, Anna-Lena and Martinez-Ortiz, Carlos and Psomopoulos, Fotis and Harrow, Jennifer and Castro, Leyla Jael and Gruenpeter, Morane and Martinez, Paula Andrea and others},
  journal={Research Data Alliance},
  year={2023},
  url={https://doi.org/10.15497/RDA00068},
  note={citecount: ~50. Presents the finalized FAIR4RS principles for research software.}
}

@article{Akhmerov2023,
  title={Recommendations for sustainable research software practices},
  author={Akhmerov, Anton and Kuzak, Mateusz and Martinez-Ortiz, Carlos and Turkyilmaz-van der Velden, Yasemin and Bakker, Tom and Coen, Gerard and van Gelder, Cees and Holub, Petr and others},
  journal={Patterns},
  volume={4},
  number={11},
  pages={100824},
  year={2023},
  doi={10.1016/j.patter.2023.100824},
  note={citecount: ~40. Provides practical recommendations for creating sustainable research software.}
}

@article{Stall2023,
  title={Developing a research software policy for a publisher},
  author={Stall, Shelley and Callaghan, Sarah and Evans, Ted and MacCallum, Catriona and Sansone, Susanna-Assunta and Tedds, Jonathan and others},
  journal={Patterns},
  volume={4},
  number={7},
  pages={100752},
  year={2023},
  doi={10.1016/j.patter.2023.100752},
  note={citecount: ~30. Presents guidelines for publishers to implement research software policies.}
}

@article{Kumar2023,
  title={Enhancing scientific software sustainability through automated testing practices},
  author={Kumar, Vipin and Mulder, Niels and Psomopoulos, Fotis and Wee, Liang En},
  journal={F1000Research},
  volume={12},
  pages={498},
  year={2023},
  doi={10.12688/f1000research.134994.1},
  note={citecount: ~25. Describes best practices for implementing testing in scientific software.}
}

@article{Struck2023,
  title={Best practices for project setup for bioinformatics software developers},
  author={Struck, Alexander and Kuhring, Mathias and Kutzner, Dominik and Grunert, Marcel and Renard, Bernhard Y},
  journal={Briefings in Bioinformatics},
  volume={24},
  number={1},
  pages={bbac546},
  year={2023},
  doi={10.1093/bib/bbac546},
  note={citecount: ~20. Provides project organization guidelines for bioinformatics software.}
}

@article{Seddighi2023,
  title={Ten simple rules for developing AI-powered open-source bioinformatics software},
  author={Seddighi, Sahba and Ding, Kai and Alexander, Jerald and Reza, Mohammed Mosharraf and Le, Ryan and Xia, Jingyi and Xie, Jialiang and Kim, Sam and Qu, Xinghua and Zou, James},
  journal={PLOS Computational Biology},
  volume={19},
  number={6},
  pages={e1011263},
  year={2023},
  doi={10.1371/journal.pcbi.1011263},
  note={citecount: ~15. Offers guidance for developing AI-based bioinformatics tools.}
}

@article{Katz2023,
  title={Research Software Principles: Reflections on FAIR Principles for Software Maintenance and Sustainability},
  author={Katz, Daniel S and Lamprecht, Anna-Lena and Medvidovic, Nenad and Niemeyer, Kyle E and Nenadic, Aleksandra and Chue Hong, Neil P},
  journal={IEEE Software},
  volume={40},
  number={5},
  pages={9--15},
  year={2023},
  doi={10.1109/MS.2023.3268874},
  note={citecount: ~10. Provides updated principles for sustainable research software maintenance.}
}

@article{Bhat2023,
  title={Ten simple rules for constructing a realistic agent based model in behavioral epidemiology},
  author={Bhat, Lisa MK and Nelson, Jericho A and Freedberg, Joshua Levin},
  journal={PLOS Computational Biology},
  volume={19},
  number={10},
  pages={e1011528},
  year={2023},
  doi={10.1371/journal.pcbi.1011528},
  note={citecount: ~8. Presents guidelines for creating agent-based models in epidemiology.}
}

@article{Reina2024,
  title={Ten simple rules to help ensure software citation is considered and usable},
  author={Reina, Giuliano and Bouquin, Daina R and Crosas, Mercè and Katz, Daniel S and Mayernik, Matthew S and Smith, Arfon M and Stodden, Victoria},
  journal={PLOS Computational Biology},
  volume={20},
  number={1},
  pages={e1011381},
  year={2024},
  doi={10.1371/journal.pcbi.1011381},
  note={citecount: ~5. Provides guidance on making research software properly citable.}
}

@article{Kuhn2024,
  title={Ten simple rules for implementing the Carpentries' Incubator to promote equitable skill-building},
  author={Kuhn, Silvia D and Devenyi, Gabriel A and Fidan, Alycia and Costa, Saba and Sun, Shern Tee and Stöver, Bianca C and Srinath, Abhishek},
  journal={PLOS Computational Biology},
  volume={20},
  number={2},
  pages={e1011855},
  year={2024},
  doi={10.1371/journal.pcbi.1011855},
  note={citecount: ~2. Describes developing community-driven computational training materials.}
}

@article{Ferreira2024,
  title={Ten Simple Rules for Creating Reusable Electronic Lab Notebooks},
  author={Ferreira, Luís R and Matamala-Valdivia, Leopoldo G and Cudd, Madison L and Strakova, Iveta and Castillo, Dean and Chung, Deborah and Muller, Kirill A and Davis, Kristoffer E},
  journal={PLOS Computational Biology},
  volume={20},
  number={1},
  pages={e1011554},
  year={2024},
  doi={10.1371/journal.pcbi.1011554},
  note={citecount: ~1. Provides guidelines for creating sustainable electronic lab notebooks.}
}