@inproceedings{Duckles2025,
  author = {Duckles, Jonah and Littauer, Richard and Black, Michelle and Ellerm, Alex and Eyers, David and Gee, Maxine and Harang, Aleksandra},
  title = {eResearch NZ / eRangahau Aotearoa---The Case for Open Source in the Science System of Aotearoa},
  booktitle = {eResearch NZ / eRangahau Aotearoa 2025},
  year = {2025},
  address = {Ōtautahi Christchurch, Aotearoa NZ},
  publisher = {Zenodo},
  doi = {10.5281/zenodo.15080979}
}

@article{Knoth2025,
  author = {Knoth, Petr and Romary, Laurent and Lopez, Patrice and Di Cosmo, Roberto and Smrz, Pavel and Umerle, Tomasz and Pride, David},
  title = {Making Software FAIR: A machine-assisted workflow for the research software lifecycle},
  journal = {arXiv preprint arXiv:2501.10415},
  year = {2025}
}

@article{PallGergely2024,
  author = {Páll-Gergely, Barna and Krell, Frank T. and Ábrahám, Leen and others},
  title = {Identification crisis: a fauna-wide estimate of biodiversity expertise shows massive decline in a Central European country},
  journal = {Biodivers Conserv},
  year = {2024},
  volume = {33},
  pages = {3871--3903},
  doi = {10.1007/s10531-024-02934-6},
  url = {https://doi.org/10.1007/s10531-024-02934-6}
}

@article{Yurkanin2025,
  author = {Yurkanin, Amy},
  title = {Two months after Trump's funding cuts, a nonprofit struggles to support refugees and itself},
  journal = {ProPublica},
  year = {2025},
  month = {April},
  day = {15},
  url = {https://www.propublica.org/article/refugees-funding-cuts-nashville}
}
